<record><leader>00000cas a22000007a 4500</leader><controlfield tag="001">9786902</controlfield><controlfield tag="008">830806d18661872ohudn ne      0    0eng d</controlfield><controlfield tag="009">3783</controlfield><datafield ind1=" " ind2=" " tag="010"><subfield code="a">sn 83035408 </subfield></datafield><datafield ind1=" " ind2=" " tag="040"><subfield code="a">NPY</subfield><subfield code="b">eng</subfield><subfield code="c">NPY</subfield><subfield code="d">NPX</subfield><subfield code="d">ONP</subfield><subfield code="d">OCLCQ</subfield></datafield><datafield ind1="1" ind2=" " tag="029"><subfield code="a">AU@</subfield><subfield code="b">000025841167</subfield></datafield><datafield ind1=" " ind2=" " tag="042"><subfield code="a">msc</subfield></datafield><datafield ind1="0" ind2=" " tag="130"><subfield code="a">Springfield daily republic (Springfield, Ohio : 1866)</subfield></datafield><datafield ind1="0" ind2="0" tag="245"><subfield code="a">Springfield daily republic.</subfield></datafield><datafield ind1=" " ind2=" " tag="260"><subfield code="a">Springfield, [Ohio] :</subfield><subfield code="b">Hastings &amp; Nichols,</subfield><subfield code="c">1866-1872.</subfield></datafield><datafield ind1=" " ind2=" " tag="300"><subfield code="a">v.</subfield></datafield><datafield ind1=" " ind2=" " tag="310"><subfield code="a">Daily (except Sun.)</subfield></datafield><datafield ind1="0" ind2=" " tag="362"><subfield code="a">Vol. 8, no. 3 (Jan. 4, 1866)-v. 16, no. 278 (Nov. 22, 1872).</subfield></datafield><datafield ind1=" " ind2="4" tag="651"><subfield code="a">Springfield (Ohio)</subfield><subfield code="v">Newspapers.</subfield></datafield><datafield ind1=" " ind2="4" tag="651"><subfield code="a">Clark County (Ohio)</subfield><subfield code="v">Newspapers.</subfield></datafield><datafield ind1=" " ind2=" " tag="752"><subfield code="a">United States</subfield><subfield code="b">Ohio</subfield><subfield code="c">Clark</subfield><subfield code="d">Springfield.</subfield></datafield><datafield ind1="0" ind2=" " tag="775"><subfield code="t">Springfield weekly republic (Springfield, Ohio : 1866)</subfield><subfield code="w">(DLC)sn 83035410</subfield></datafield><datafield ind1="0" ind2=" " tag="775"><subfield code="t">Springfield tri-weekly republic (Springfield, Ohio : 1866)</subfield><subfield code="w">(DLC)sn 87076992</subfield></datafield><datafield ind1="0" ind2="0" tag="780"><subfield code="t">Springfield daily news and republic</subfield><subfield code="w">(DLC)sn 87076913</subfield></datafield><datafield ind1="0" ind2="7" tag="785"><subfield code="t">Springfield daily advertiser</subfield><subfield code="w">(DLC)sn 83035409</subfield></datafield><datafield ind1="0" ind2="7" tag="785"><subfield code="t">Springfield daily republic and advertiser</subfield><subfield code="w">(DLC)sn 87076915</subfield></datafield></record>